@article{maltoni2019continuous,
  title={Continuous learning in single-incremental-task scenarios},
  author={Maltoni, Davide and Lomonaco, Vincenzo},
  journal={Neural Networks},
  volume={116},
  pages={56--73},
  year={2019},
  publisher={Elsevier}
}



@article{ren2021tinyol,
  title={TinyOL: TinyML with Online-Learning on Microcontrollers},
  author={Ren, Haoyu and Anicic, Darko and Runkler, Thomas},
  journal={arXiv preprint arXiv:2103.08295},
  year={2021}
}



@article{ren2021synergy,
  title={The synergy of complex event processing and tiny machine learning in industrial IoT},
  author={Ren, Haoyu and Anicic, Darko and Runkler, Thomas},
  journal={arXiv preprint arXiv:2105.03371},
  year={2021}
}
